@article{DBLP:journals/corr/abs-1005-2581,
  author    = {Kamran Karimi and
               Neil G. Dickson and
               Firas Hamze},
  title     = {A Performance Comparison of CUDA and OpenCL},
  journal   = {CoRR},
  volume    = {abs/1005.2581},
  year      = {2010},
  ee        = {http://arxiv.org/abs/1005.2581},
  bibsource = {DBLP, http://dblp.uni-trier.de}
}
