@article{DBLP:journals/corr/abs-1005-2581,
  author    = {Kamran Karimi and
               Neil G. Dickson and
               Firas Hamze},
  title     = {A Performance Comparison of CUDA and OpenCL},
  journal   = {CoRR},
  volume    = {abs/1005.2581},
  year      = {2010},
  ee        = {http://arxiv.org/abs/1005.2581},
  bibsource = {DBLP, http://dblp.uni-trier.de}
}

@article{Flynn:1972:COE:1952456.1952459,
 author 	= {Flynn, Michael J.},
 title 		= {Some computer organizations and their effectiveness},
 journal 	= {IEEE Trans. Comput.},
 issue_date = {September 1972},
 volume		= {21},
 number 	= {9},
 month 		= sep,
 year 		= {1972},
 issn 		= {0018-9340},
 pages 		= {948--960},
 numpages 	= {13},
 url 		= {http://dx.doi.org/10.1109/TC.1972.5009071},
 doi 		= {10.1109/TC.1972.5009071},
 acmid		= {1952459},
 publisher	= {IEEE Computer Society},
 address 	= {Washington, DC, USA},
 keywords 	= {Computer organization, computer organization, instruction stream, overlapped, parallel processors, resource hierarchy},
}

@book{munshi2011opencl,
  title={OpenCL Programming Guide},
  author={Munshi, A. and Gaster, B. and Mattson, T.G. and Ginsburg, D.},
  isbn={9780132594554},
  series={OpenGL},
  url={http://books.google.com.br/books?id=M-Sve\_KItQwC},
  year={2011},
  publisher={Pearson Education}
}

@book{Gonzalez:2006:DIP:1076432,
 author = {Gonzalez, Rafael C. and Woods, Richard E.},
 title = {Digital Image Processing (3rd Edition)},
 year = {2006},
 isbn = {013168728X},
 publisher = {Prentice-Hall, Inc.},
 address = {Upper Saddle River, NJ, USA}
} 

@book{programando,
  author = {David B. Kirk, Wen-mei W.Hwu},
  title={Programando Para Processadores Paralelos:Uma abordagem prática à programação de GPU},
  isbn={9788535252491},
  year={2011},
  publisher={Elsevier Brasil}
}


@article{10.1109/IISWC.2011.6114174,
author = {Sangmin Seo and Gangwon Jo and Jaejin Lee},
title = {Performance characterization of the NAS Parallel Benchmarks in OpenCL},
journal ={2012 IEEE International Symposium on Workload Characterization (IISWC)},
volume = {0},
isbn = {978-1-4577-2063-5},
year = {2011},
pages = {137-148},
doi = {http://doi.ieeecomputersociety.org/10.1109/IISWC.2011.6114174},
publisher = {IEEE Computer Society},
address = {Los Alamitos, CA, USA},
}

@article{ArchComp,
author = {Ying Zhang and Lu Peng and Bin Li and Jih-Kwon Peir and Jianmin Chen},
title = {Architecture comparisons between Nvidia and ATI GPUs: Computation parallelism and data communications},
journal ={2012 IEEE International Symposium on Workload Characterization (IISWC)},
volume = {0},
isbn = {978-1-4577-2063-5},
year = {2011},
pages = {205-215},
doi = {http://doi.ieeecomputersociety.org/10.1109/IISWC.2011.6114180},
publisher = {IEEE Computer Society},
address = {Los Alamitos, CA, USA},
}
@article{NvidiaTesla, 
author={Lindholm, E. and Nickolls, J. and Oberman, S. and Montrym, J.}, 
journal={Micro, IEEE}, 
title={NVIDIA Tesla: A Unified Graphics and Computing Architecture}, 
year={2008}, 
volume={28}, 
number={2}, 
pages={39-55}, 
doi={10.1109/MM.2008.31}, 
ISSN={0272-1732}
}

@manual{opencl08,
  added-at = {2009-09-10T14:36:22.000+0200},
  author = {{Khronos OpenCL Working Group}},
  biburl = {http://www.bibsonomy.org/bibtex/2f27b3794b8bb531800e71e0c1bad328f/gregoryy},
  interhash = {523238fb8572f0681867457896fdda6b},
  intrahash = {f27b3794b8bb531800e71e0c1bad328f},
  keywords = {imported},
  month = {8 December},
  owner = {gregor},
  timestamp = {2009-09-10T14:36:22.000+0200},
  title = {The OpenCL Specification, version 1.0.29},
  url = {http://khronos.org/registry/cl/specs/opencl-1.0.29.pdf},
  year = 2008
}

@MISC{AMDCodeXL,
  author = {{AMD Developer Tools Team}},
  title = {{CodeXL Quick Start Guide Version 1.2}},
  year = {2013},
  howpublished={\url{http://developer.amd.com/wordpress/media/2013/07/CodeXL_Quick_Start_Guide.pdf}}  
}

@misc{NvidiaNsight,
  author = {{NVIDIA Corporation}},
  title = {{NVIDIA Nsight Visual Studio Edition 3.0 User Guide}},
  year = {2013},
  howpublished={\url{http://http.developer.nvidia.com/NsightVisualStudio/3.0/Documentation/UserGuide/HTML/Nsight_Visual_Studio_Edition_User_Guide.htm}}  
}

@misc{NvidiaCuda,
  author = {{NVIDIA Corporation}},
  title = {{CUDA C Programming Guide}},
  year = {2012},  
  howpublished={\url{http://docs.nvidia.com/cuda/pdf/CUDA_C_Programming_Guide.pdf}}
}   


@inproceedings{Lee:2011:OFH:2120965.2121484,
 author = {Lee, Jun and Kim, Jungwon and Kim, Junghyun and Seo, Sangmin and Lee, Jaejin},
 title = {An OpenCL Framework for Homogeneous Manycores with No Hardware Cache Coherence},
 booktitle = {Proceedings of the 2011 International Conference on Parallel Architectures and Compilation Techniques},
 series = {PACT '11},
 year = {2011},
 isbn = {978-0-7695-4566-0},
 pages = {56--67},
 numpages = {12},
 url = {http://dx.doi.org/10.1109/PACT.2011.12},
 doi = {10.1109/PACT.2011.12},
 acmid = {2121484},
 publisher = {IEEE Computer Society},
 address = {Washington, DC, USA}
} 

 @article{Purcell:2002:RTP:566654.566640,
 author = {Purcell, Timothy J. and Buck, Ian and Mark, William R. and Hanrahan, Pat},
 title = {Ray tracing on programmable graphics hardware},
 journal = {ACM Trans. Graph.},
 issue_date = {July 2002},
 volume = {21},
 number = {3},
 month = jul,
 year = {2002},
 issn = {0730-0301},
 pages = {703--712},
 numpages = {10},
 url = {http://doi.acm.org/10.1145/566654.566640},
 doi = {10.1145/566654.566640},
 acmid = {566640},
 publisher = {ACM},
 address = {New York, NY, USA},
 keywords = {programmable graphics hardware, ray tracing}
} 
@phdthesis{Sobel:1970:CMM:905376,
 author = {Sobel, Irwin Edward},
 title = {Camera models and machine perception},
 year = {1970},
 note = {AAI7102831},
 school = {Stanford University},
 publisher = {Stanford University},
 address = {Stanford, CA, USA}
 }
 
@INPROCEEDINGS{SIMD, 
author={Antao, S. and Sousa, L.}, 
booktitle={Computer Design (ICCD), 2010 IEEE International Conference on}, 
title={Exploiting SIMD extensions for linear image processing with OpenCL}, 
year={2010}, 
pages={425-430}, 
ISSN={1063-6404}
}

@InProceedings{MartinFTM01,
  author = {D. Martin and C. Fowlkes and D. Tal and J. Malik},
  title = {A Database of Human Segmented Natural Images and its
           Application to Evaluating Segmentation Algorithms and
           Measuring Ecological Statistics},
  booktitle = {Proc. 8th Int'l Conf. Computer Vision},
  year = {2001},
  month = {July},
  volume = {2},
  pages = {416--423}
}

@article{CudaOpenCl,
  author    = {Kamran Karimi and
               Neil G. Dickson and
               Firas Hamze},
  title     = {A Performance Comparison of CUDA and OpenCL},
  journal   = {CoRR},
  volume    = {abs/1005.2581},
  year      = {2010},
  ee        = {http://arxiv.org/abs/1005.2581},
  bibsource = {DBLP, http://dblp.uni-trier.de}
}


@INPROCEEDINGS{ImgParallel, 
author={Nan Zhang and Yun-shan Chen and Wang, Jian-Li}, 
booktitle={Advanced Computer Control (ICACC), 2010 2nd International Conference on}, 
title={Image parallel processing based on GPU}, 
year={2010}, 
volume={3}, 
pages={367-370}, 
doi={10.1109/ICACC.2010.5486836}
}
@book{MarquesFilho1999,
  author    = {Marques Filho, Og\^{e} and Vieira Neto, Hugo},
  title     = {Processamento Digital de Imagens},
  publisher = {Editora Brasport},
  address   = {Rio de Janeiro, Brazil},
  year      = {1999},
}